@manual{LM35datasheet,
    organization  = "Texas Instruments",
    title         = "LM35 Precision Centigrade Temperature Sensors",
    number        = "LM35",
    year          = 1999,
    month         = "August",
    note          = "Revised: December, 2017"
}

@misc{ArduinoWeb,
    author= {{The Arduino Project}},
    year  = {2020},
    title = {Introduction to the Arduino Board},
    note  = {\url{https://www.arduino.cc/en/reference/board},
             Last accessed on 2020-03-01},
}

@misc{IICWeb,
    author= {{I2C Info: A Two-wire Serial Protocol}},
    year  = {2020},
    title = {I2C Info â€“ I2C Bus, Interface and Protocol},
    note  = {\url{https://i2c.info/},
             Last accessed on 2020-03-01},
}
