@manual{LM35datasheet,
    organization  = {Texas Instruments},
    title         = {LM35 Precision Centigrade Temperature Sensors},
    number        = {LM35},
    year          = 1999,
    month         = {August},
    note          = {Revised: December, 2017}
}

@misc{IICWeb,
    author= {{I2C Info: A Two-wire Serial Protocol}},
    year  = {2020},
    title = {I2C Info â€“ I2C Bus, Interface and Protocol},
    note  = {\url{https://i2c.info/},
             Last accessed on 2020-03-01},
}

@manual{RP2040datasheet,
    organization  = {Raspberry Pi Ltd},
    title         = {RP2040 Datasheet: A microcontroller by Raspberry Pi},
    number        = {RP2040},
    year          = {2023},
    month         = {March},
    note          = {build-version: ae3b121-clean}
}

@incollection{Bell2022,
  title={Introducing the Raspberry Pi Pico},
  author={Bell, Charles},
  booktitle={Beginning MicroPython with the Raspberry Pi Pico: Build Electronics and IoT Projects},
  pages={1--42},
  year={2022},
  publisher={Springer}
}
