@misc{Lehman2005csquotes,
  title={The csquotes package},
  author={Lehman, Philipp},
  journal={Context Sensitive Quotation},
  year={2005}
}

@misc{Daly2006natbib,
  title={The natbib package},
  author={Daly, PW},
  year={2006}
}
