@manual{MOC3021datasheet,
    organization  = {Fairchild Semiconductors},
    title         = {MOC3021 Random-Phase Optoisolator TRIAC Driver Output},
    number        = {MOC3021},
    year          = 2010,
    month         = 8,
    note          = {Revised: January, 2010}
}

@manual{4N25datasheet,
    organization  = {Vishay Semiconductors},
    title         = {4N25 Optocoupler, Phototransistor Output, with Base Connection},
    number        = {4N25},
    year          = 2010,
    month         = 8,
    note          = {Revised: January, 2010}
}

@manual{RP2040datasheet,
    organization  = {Raspberry Pi Ltd},
    title         = {RP2040 Datasheet: A microcontroller by Raspberry Pi},
    number        = {RP2040},
    year          = {2023},
    month         = {March},
    note          = {build-version: ae3b121-clean}
}

@incollection{Bell2022,
  title={Introducing the Raspberry Pi Pico},
  author={Bell, Charles},
  booktitle={Beginning MicroPython with the Raspberry Pi Pico: Build Electronics and IoT Projects},
  pages={1--42},
  year={2022},
  publisher={Springer}
}

@misc{IICWeb,
    author= {{I2C Info: A Two-wire Serial Protocol}},
    year  = {2020},
    title = {I2C Info â€“ I2C Bus, Interface and Protocol},
    note  = {\url{https://i2c.info/},
             Last accessed on 2020-03-01},
}

@article{Rashid2006,
  title={Power Electronic, Devices, Circuits, and Applications},
  author={Rashid, Muhammad H},
  journal={Handbook, Second Edition, Burlington},
  year={2006}
}

